@book{evans,
  title={Partial Differential Equations},
  author={Evans, L.C.},
  isbn={9780821849743},
  lccn={2009044716},
  series={Graduate studies in mathematics},
  url={https://books.google.fi/books?id=Xnu0o_EJrCQC},
  year={2010},
  publisher={American Mathematical Society}
}

@book{Fern_ndez_Real_2022,
   title={Regularity Theory for Elliptic PDE},
   ISBN={9783985475285},
   ISSN={2943-4971},
   url={http://dx.doi.org/10.4171/ZLAM/28},
   DOI={10.4171/zlam/28},
   journal={Zurich Lectures in Advanced Mathematics},
   publisher={EMS Press},
   author={Fernández-Real, Xavier and Ros-Oton, Xavier},
   year={2022},
   month=dec
}

@book{covi,
   title={Partial differential equations 2},
   url={https://sites.google.com/view/giovanni-covi-maths/materials},
   author={Covi, Giovanni},
   year={2025},
   month=apr
}

@article{sanpera,
	title = {Calderón-{Zygmund} estimates for the {Laplacian}},
	language = {en},
        year = {2024},
        month = jan,
	author = {Sanpera, Jan Bruno Lewenstein},
	url = {https://diposit.ub.edu/dspace/bitstream/2445/211465/2/tfg_lewenstein_sanpera_jan.pdf}
}
